<?xml version="1.0" encoding="UTF-8"?><collection xmlns="http://www.loc.gov/MARC21/slim"><record><leader>00496nam--2200181-i-4500</leader><controlfield tag="001">000047679</controlfield><controlfield tag="002">20161230</controlfield><controlfield tag="005">20170118192315</controlfield><controlfield tag="008">060222s1000------------r-----000-0-eng-d</controlfield><datafield ind1=" " ind2=" " tag="040"><subfield code="a">IFIN-HH</subfield></datafield><datafield ind1=" " ind2=" " tag="080"><subfield code="a">537.591</subfield></datafield><datafield ind1="1" ind2=" " tag="100"><subfield code="a">Wilson, J. G</subfield></datafield><datafield ind1="1" ind2="0" tag="245"><subfield code="a">Progress in cosmic ray physics</subfield><subfield code="c">J.G. Wilson (ed.)</subfield></datafield><datafield ind1=" " ind2=" " tag="260"><subfield code="a">Amsterdam</subfield><subfield code="b">North-Holland Publishing Company</subfield><subfield code="c">1952-1956</subfield></datafield><datafield ind1=" " ind2=" " tag="300"><subfield code="a">3 volume</subfield></datafield><datafield ind1="1" ind2=" " tag="787"><subfield code="a">Volume III</subfield><subfield code="d">1956</subfield><subfield code="h">420 p</subfield></datafield><datafield ind1=" " ind2=" " tag="852"><subfield code="a">10248</subfield><subfield code="c">539.13</subfield></datafield><datafield ind1=" " ind2=" " tag="CAT"><subfield code="a">SYS</subfield><subfield code="c">20170118</subfield><subfield code="h">192315</subfield></datafield></record></collection>